@article{bubeck2015convex,
  doi = {10.48550/ARXIV.1405.4980},
  
  url = {https://arxiv.org/abs/1405.4980},
  
  author = {Bubeck, SÃ©bastien},
  
  keywords = {Optimization and Control (math.OC), Computational Complexity (cs.CC), Machine Learning (cs.LG), Numerical Analysis (math.NA), Machine Learning (stat.ML), FOS: Mathematics, FOS: Mathematics, FOS: Computer and information sciences, FOS: Computer and information sciences},
  
  title = {Convex Optimization: Algorithms and Complexity},
  
  publisher = {arXiv},
  
  year = {2014},
  
  copyright = {arXiv.org perpetual, non-exclusive license}
}

@book{deisenroth2020mathematics,
  title={Mathematics for machine learning},
  author={Deisenroth, Marc Peter and Faisal, A Aldo and Ong, Cheng Soon},
  year={2020},
  publisher={Cambridge University Press}
}

@misc{caramanis2020opt,
	title = {Optimization Algorithms},
	author = {Constantine Caramanis},
	year = {2020},
	url = {https://www.youtube.com/playlist?list=PLXsmhnDvpjORzPelSDs0LSDrfJcqyLlZc},
}

@book{Beck2017,
author = {Beck, Amir},
title = {First-Order Methods in Optimization},
publisher = {Society for Industrial and Applied Mathematics},
year = {2017},
doi = {10.1137/1.9781611974997},
address = {Philadelphia, PA},
edition   = {},
URL = {https://epubs.siam.org/doi/abs/10.1137/1.9781611974997},
eprint = {https://epubs.siam.org/doi/pdf/10.1137/1.9781611974997}
}